<?xml version="1.0" encoding="UTF-8"?><collection><record><leader>08062ntm a2200661 a 4500</leader><controlfield tag="001">006813435</controlfield><controlfield tag="003">MiAaHDL</controlfield><controlfield tag="005">20190719000000.0</controlfield><controlfield tag="006">m        d        </controlfield><controlfield tag="007">cr bn ---auaua</controlfield><controlfield tag="008">090605s1699    ir            00| ||ara d</controlfield><datafield tag="035" ind1=" " ind2=" "><subfield code="a">(MiU)006813435</subfield></datafield><datafield tag="035" ind1=" " ind2=" "><subfield code="a">sdr-miu006813435</subfield></datafield><datafield tag="040" ind1=" " ind2=" "><subfield code="a">MiU</subfield><subfield code="c">MiU</subfield><subfield code="e">amremm</subfield></datafield><datafield tag="043" ind1=" " ind2=" "><subfield code="a">n-us-mi</subfield></datafield><datafield tag="100" ind1="1" ind2=" "><subfield code="6">880-01</subfield><subfield code="a">Muṭarrizī, Nāṣir ibn ʻAbd al-Sayyid,</subfield><subfield code="d">1144-1213.</subfield></datafield><datafield tag="240" ind1="1" ind2="0"><subfield code="6">880-02</subfield><subfield code="a">Mughrib fī tartīb al-Muʻrib</subfield></datafield><datafield tag="245" ind1="1" ind2="3"><subfield code="6">880-03</subfield><subfield code="a">al-Mughrib fī tartīb al-Muʻrib,</subfield><subfield code="f">[1110, i.e. 1699].</subfield></datafield><datafield tag="246" ind1="3" ind2=" "><subfield code="i">Edge title (on head and tail):</subfield><subfield code="a">المغرب في اللغة</subfield></datafield><datafield tag="260" ind1=" " ind2=" "><subfield code="a">[Mashhad,</subfield><subfield code="c">1699].</subfield></datafield><datafield tag="300" ind1=" " ind2=" "><subfield code="a">218 leaves :</subfield><subfield code="b">paper ;</subfield><subfield code="c">245 x 173 (165 x 85) mm.</subfield></datafield><datafield tag="500" ind1=" " ind2=" "><subfield code="a">Shelfmark: Ann Arbor, University of Michigan, Special Collections Library, Isl. Ms. 616</subfield></datafield><datafield tag="500" ind1=" " ind2=" "><subfield code="a">Origin: As appears in colophon on p.434, copied by Ḥasan [?] ibn Ghulām ʻAlī [?] al-Najafī with transcription completed 25 Rajab 1110 [ca. 27 January 1699] in Mashhad.</subfield></datafield><datafield tag="500" ind1=" " ind2=" "><subfield code="a">Accompanying materials: a. Acquisitions slip from Yahuda. -- b. Inventory cataloguing slip in hand of Winifred Smeaton Thomas.</subfield></datafield><datafield tag="500" ind1=" " ind2=" "><subfield code="a">Former shelfmark: From inner front cover, "IL 347" (likely supplied by Yahuda, see acquisitions slip).</subfield></datafield><datafield tag="500" ind1=" " ind2=" "><subfield code="a">Binding: Pasteboards covered in red leather ; Type II binding (with flap, now with significant losses to fore edge flap) ; board linings in marbled paper (in blue-green, yellow and cream) ; upper and lower covers carry central blind-stamped mandorla (filled with symmetrical vegetal composition, compare Déroche class. OSd) and epigraphic pendants with inscription "يا علي مدد" ; sewn mainly in red thread, two stations, though final gatherings sewn in yellow ; worked chevron endbands in green-blue, yellow, etc. now damaged with only a portion of headband remaining ; overall in poor condition with significant abrasion, staining, lifting and losses of leather and pasteboard, delamination of boards, losses to flap, negative draw in upper cover, etc. ; repair to fore edge flap in tan leather ; housed in box for protection.</subfield></datafield><datafield tag="500" ind1=" " ind2=" "><subfield code="a">Support: non-European (likely Persian or Indian) laid paper with 8 laid lines per cm. (vertical, fairly distinct) and no chains distinctly visible, fairly crisp, thin and transluscent though sturdy, some inclusions, medium cream in color, well-burnished to glossy.</subfield></datafield><datafield tag="500" ind1=" " ind2=" "><subfield code="a">Decoration: Keywords, section headings, notabilia (side-heads) and abbreviation symbols rubricated ; occasional overlining in red ; textual divders in the form inverted commas in red.</subfield></datafield><datafield tag="500" ind1=" " ind2=" "><subfield code="a">Script: Naskh ; elegant Persianate or Iraqi hand ; virtually serifless and quite rounded with curvilinear descenders, rightward descenders tapered, pointing in distinct dots though quite compact, very slight effect of tilt to the left, occasional sweeping tails and extension of horizontal strokes, freely ligatured, etc.</subfield></datafield><datafield tag="500" ind1=" " ind2=" "><subfield code="a">Layout: Written in 21 lines per page ; frame-ruled (impression of ruling board evident).</subfield></datafield><datafield tag="500" ind1=" " ind2=" "><subfield code="a">Collation: 27 IV (216), I (218) ; almost exclusively quaternions ; final leaf (following close of text) left blank ; catchwords present ; pagination in pencil, Western numerals, supplied during digitization.</subfield></datafield><datafield tag="500" ind1=" " ind2=" "><subfield code="a">Colophon: "Scribal," triangular, reads "تمت هذه الرسالة بعون الله تعالى وحسن تأييده في مشهد امامنا ومقتدانا علي بن موسى الرضا عليه الف الف التحية والثناء يوم الاثنين خامس وعشرون من شهر رجب المرجب بقلم اقل خلق الله واحوجهم الى رحمة ربه الغني حسن [؟] بن غلام [؟] علي النجفي حامدا مصليا مستغفرا ... سنة ١١١٠"</subfield></datafield><datafield tag="500" ind1=" " ind2=" "><subfield code="a">Explicit: "وقد علمت ما عانيت في التقويم والتثقيف لما وقع في الكتب من الحريف والتصحيف فاقلني عثرتي واستر عورتي وامن روعتي برحمتك يا رحيم وبفضلك يا كريم والحمد لله رب العالمين وصلى الله على محمد واله اجمعين الطيبين الطاهرين"</subfield></datafield><datafield tag="500" ind1=" " ind2=" "><subfield code="a">Incipit: "واحمده على ان خول جزيل الطول وسدد للاصابة في الفعل والقول وارشد الى مناهد الهدى وانقذ من مدارج الردى ... وقبل وبعد فهذا ما سبق به الوعد تهذيب مصنفي المترجم بالمغرب [المعرب] وتنميقه وترتيبه على حروف المعجم وتلفيقه اختصرته لاهل المعرفة ... وترجمته بكتاب المغرب في ترتيب المعرب ..."</subfield></datafield><datafield tag="500" ind1=" " ind2=" "><subfield code="a">Title from opening on (p.4).</subfield></datafield><datafield tag="500" ind1=" " ind2=" "><subfield code="a">Ms. codex.</subfield></datafield><datafield tag="510" ind1="4" ind2=" "><subfield code="a">EI2, "al- Muṭarrizī , Burhān al-Dīn Abu 'l-Fatḥ,"</subfield><subfield code="c">vol. VII, p. 773, col. 2</subfield></datafield><datafield tag="510" ind1="4" ind2=" "><subfield code="a">Ḥājjī Khalīfah, Kashf al-ẓunūn,</subfield><subfield code="c">v 648, no. 12469</subfield></datafield><datafield tag="510" ind1="4" ind2=" "><subfield code="a">Brockelmann, C. GAL,</subfield><subfield code="c">I 294</subfield></datafield><datafield tag="520" ind1="8" ind2=" "><subfield code="a">Fine copy of the lexicon of select words and phrases, particularly those which occur in the books of tradition and other works relating to law, arranged in alphabetical order. It is a version of the author's al-Muʻrib fī gharīb alfāẓ al-fuqahāʼ and is used extensively as a reference work by scholars of the Ḥanafī madhhab in particular.</subfield></datafield><datafield tag="538" ind1=" " ind2=" "><subfield code="a">Mode of access: Internet.</subfield></datafield><datafield tag="541" ind1=" " ind2=" "><subfield code="a">Acquired in 1926 from the bookseller Isaac Benjamin S.E. Yahuda via purchase transacted on his behalf by Abraham Shalom Yahuda (1877-1951), his younger brother.</subfield></datafield><datafield tag="546" ind1=" " ind2=" "><subfield code="a">Arabic.</subfield></datafield><datafield tag="561" ind1=" " ind2=" "><subfield code="a">Ownership statement on 'title page' (p.1) in name of Muḥammad Ibrāhīm ibn Zayn al-ʻĀbidīn al-Naṣīrī al-Ṭūsī (محمد ابراهيم بن زين الدين النصيري الطوسي) accompanied by rectangular seal impression dated 1087 [1676 or 7] ; also on 'title page' (p.1) ownership statement indicating that the book was purchased and transferred from Baghdād to Aḥmad ibn al-Ḥājjī Yūsuf ibn ʻAbd Allāh ibn Dāwūd ibn Muḥammad ibn Muṣliḥ al-Kawwāz al-Shādhilī al-ʻAbbāsī al-Shāfiʻī of Baṣrah, reads "ثم انتقل هذا الكتاب بالشراء الشرعي من بغداد المحروسة الى الفقير الحقير ... احمد بن الحاجي يوسف بن عبد الله بن داوود بن محمد بن مصلح الكواز مأربا والشاذلي طريقة والعباسي نسبا والشافعي مذهبا والبصره مولدا ومسكنا غفر الله لهم ولوالديهم والمسلمين اجمعين مشتراء ١٢ [...؟] م" accompanied [?] by octagonal seal impression ("عبده احمد...") ; notabilia (side-heads) with terms being elucidated in red ; occasional glosses.</subfield></datafield><datafield tag="650" ind1=" " ind2="0"><subfield code="a">Manuscripts, Arabic</subfield><subfield code="z">Michigan</subfield><subfield code="z">Ann Arbor.</subfield></datafield><datafield tag="650" ind1=" " ind2="0"><subfield code="a">Hanafites</subfield><subfield code="v">Early works to 1800.</subfield></datafield><datafield tag="650" ind1=" " ind2="0"><subfield code="a">Islamic law</subfield><subfield code="v">Dictionaries</subfield><subfield code="x">Arabic</subfield><subfield code="v">Early works to 1800.</subfield></datafield><datafield tag="650" ind1=" " ind2="0"><subfield code="a">Arabic language</subfield><subfield code="v">Dictionaries</subfield><subfield code="v">Early works to 1800.</subfield></datafield><datafield tag="700" ind1="0" ind2=" "><subfield code="6">880-06</subfield><subfield code="a">Aḥmad ibn Yūsuf ibn ʻAbd Allāh al-Kawwāz al-ʻAbbāsī,</subfield><subfield code="e">former owner.</subfield></datafield><datafield tag="700" ind1="0" ind2=" "><subfield code="6">880-05</subfield><subfield code="a">Muḥammad Ibrāhīm ibn Zayn al-ʻĀbidīn al-Naṣīrī al-Ṭūsī,</subfield><subfield code="d">fl. 1676 or 7,</subfield><subfield code="e">former owner.</subfield></datafield><datafield tag="700" ind1="0" ind2=" "><subfield code="6">880-04</subfield><subfield code="a">Ḥasan ibn Ghulām ʻAlī al-Najafī,</subfield><subfield code="d">fl. 1699,</subfield><subfield code="e">scribe.</subfield></datafield><datafield tag="773" ind1="0" ind2=" "><subfield code="a">Yahuda Collection.</subfield></datafield><datafield tag="880" ind1="0" ind2=" "><subfield code="6">700-06/</subfield><subfield code="a">احمد بن يوسف بن عبد الله الكواز العباسي،</subfield><subfield code="e">مالك سابق.</subfield></datafield><datafield tag="880" ind1="0" ind2=" "><subfield code="6">700-05/</subfield><subfield code="a">محمد ابراهيم بن زين العابدين النصيري الطوسي،</subfield><subfield code="e">مالك سابق.</subfield></datafield><datafield tag="880" ind1="0" ind2=" "><subfield code="6">700-04/</subfield><subfield code="a">حسن بن غلام علي النجفي،</subfield><subfield code="e">ناسخ.</subfield></datafield><datafield tag="880" ind1="1" ind2="2"><subfield code="6">245-03/</subfield><subfield code="a">المغرب في ترتيب المعرب,</subfield><subfield code="f">[1110ه، 1699م].</subfield></datafield><datafield tag="880" ind1="1" ind2="0"><subfield code="6">240-02/</subfield><subfield code="a">مغرب في ترتيب المعرب</subfield></datafield><datafield tag="880" ind1="1" ind2=" "><subfield code="6">100-01/</subfield><subfield code="a">مطرزي، ناصر بن عبد السيد.</subfield></datafield><datafield tag="CID" ind1=" " ind2=" "><subfield code="a">006813435</subfield></datafield><datafield tag="DAT" ind1="0" ind2=" "><subfield code="a">20190719102638.0</subfield><subfield code="b">20190719000000.0</subfield></datafield><datafield tag="DAT" ind1="1" ind2=" "><subfield code="a">20190719090653.0</subfield><subfield code="b">2019-07-19T16:11:57Z</subfield></datafield><datafield tag="DAT" ind1="2" ind2=" "><subfield code="a">2015-10-02T18:00:03Z</subfield></datafield><datafield tag="CAT" ind1=" " ind2=" "><subfield code="a">SDR-MIU</subfield><subfield code="d">EX LIBRIS - ALEPH</subfield><subfield code="l">prepare.pl-004-008</subfield></datafield><datafield tag="FMT" ind1=" " ind2=" "><subfield code="a">BK</subfield></datafield><datafield tag="HOL" ind1=" " ind2=" "><subfield code="0">sdr-miu006813435</subfield><subfield code="a">MiU</subfield><subfield code="b">SDR</subfield><subfield code="c">MIU</subfield><subfield code="p">mdp.39015079128305</subfield><subfield code="s">MIU</subfield><subfield code="1">006813435</subfield></datafield><datafield tag="974" ind1=" " ind2=" "><subfield code="b">MIU</subfield><subfield code="c">MIU</subfield><subfield code="d">20190719</subfield><subfield code="s">lit-dlps-dc</subfield><subfield code="u">mdp.39015079128305</subfield><subfield code="y">1699</subfield><subfield code="r">pd</subfield><subfield code="q">bib</subfield><subfield code="t">non-US bib date1 &lt; 1879</subfield></datafield></record></collection>